@inproceedings{Schnorr89,
  author    = {Claus{-}Peter Schnorr},
  editor    = {Gilles Brassard},
  title     = {Efficient Identification and Signatures for Smart Cards},
  booktitle = {Advances in Cryptology - {CRYPTO} '89, 9th Annual International Cryptology
               Conference, Santa Barbara, California, USA, August 20-24, 1989, Proceedings},
  series    = {Lecture Notes in Computer Science},
  volume    = {435},
  pages     = {239--252},
  publisher = {Springer},
  year      = {1989},
  url       = {https://doi.org/10.1007/0-387-34805-0\_22},
  doi       = {10.1007/0-387-34805-0\_22},
  timestamp = {Tue, 01 Jun 2021 15:21:29 +0200},
  biburl    = {https://dblp.org/rec/conf/crypto/Schnorr89.bib},
  bibsource = {dblp computer science bibliography, https://dblp.org}
}

@inproceedings{CamenischDD17,
  author    = {Jan Camenisch and
               Manu Drijvers and
               Maria Dubovitskaya},
  editor    = {Bhavani Thuraisingham and
               David Evans and
               Tal Malkin and
               Dongyan Xu},
  title     = {Practical UC-Secure Delegatable Credentials with Attributes and Their
               Application to Blockchain},
  booktitle = {Proceedings of the 2017 {ACM} {SIGSAC} Conference on Computer and
               Communications Security, {CCS} 2017, Dallas, TX, USA, October 30 -
               November 03, 2017},
  pages     = {683--699},
  publisher = {{ACM}},
  year      = {2017},
  url       = {https://doi.org/10.1145/3133956.3134025},
  doi       = {10.1145/3133956.3134025},
  timestamp = {Wed, 29 Jun 2022 15:37:41 +0200},
  biburl    = {https://dblp.org/rec/conf/ccs/CamenischDD17.bib},
  bibsource = {dblp computer science bibliography, https://dblp.org}
}

@inproceedings{LegoSnark,
  author    = {Matteo Campanelli and
               Dario Fiore and
               Ana{\"{\i}}s Querol},
  editor    = {Lorenzo Cavallaro and
               Johannes Kinder and
               XiaoFeng Wang and
               Jonathan Katz},
  title     = {LegoSNARK: Modular Design and Composition of Succinct Zero-Knowledge
               Proofs},
  booktitle = {Proceedings of the 2019 {ACM} {SIGSAC} Conference on Computer and
               Communications Security, {CCS} 2019, London, UK, November 11-15, 2019},
  pages     = {2075--2092},
  publisher = {{ACM}},
  year      = {2019},
  url       = {https://doi.org/10.1145/3319535.3339820},
  doi       = {10.1145/3319535.3339820},
  timestamp = {Thu, 06 May 2021 17:57:18 +0200},
  biburl    = {https://dblp.org/rec/conf/ccs/CampanelliFQ19.bib},
  bibsource = {dblp computer science bibliography, https://dblp.org}
}

@misc{W3CDId21,
    title        = {{Decentralized Identifiers (DIDs) v1.0,Core architecture, data model, and representations.}},
    howpublished = { \url{https://www.w3.org/TR/did-core/}},
    year         = {2012},
}


@inproceedings{BIP340,
author    = {P. Wuille and J. Nick and T. Ruffing},
title={ Schnorr Signatures for secp256k1. Bitcoin Improvement Proposal 340},
 howpublished={\url{https://github.com/bitcoin/bips/blob/master/bip-0340.mediawiki},
 year={2020},
 }

@inproceedings{Musig2,
  author    = {Jonas Nick and
               Tim Ruffing and
               Yannick Seurin},
  editor    = {Tal Malkin and
               Chris Peikert},
  title     = {MuSig2: Simple Two-Round Schnorr Multi-signatures},
  booktitle = {Advances in Cryptology - {CRYPTO} 2021 - 41st Annual International
               Cryptology Conference, {CRYPTO} 2021, Virtual Event, August 16-20,
               2021, Proceedings, Part {I}},
  series    = {Lecture Notes in Computer Science},
  volume    = {12825},
  pages     = {189--221},
  publisher = {Springer},
  year      = {2021},
  url       = {https://doi.org/10.1007/978-3-030-84242-0\_8},
  doi       = {10.1007/978-3-030-84242-0\_8},
  timestamp = {Mon, 16 Aug 2021 09:08:14 +0200},
  biburl    = {https://dblp.org/rec/conf/crypto/NickRS21.bib},
  bibsource = {dblp computer science bibliography, https://dblp.org}
}

@inproceedings{RingCT,
  author    = {Shifeng Sun and
               Man Ho Au and
               Joseph K. Liu and
               Tsz Hon Yuen},
  editor    = {Simon N. Foley and
               Dieter Gollmann and
               Einar Snekkenes},
  title     = {RingCT 2.0: {A} Compact Accumulator-Based (Linkable Ring Signature)
               Protocol for Blockchain Cryptocurrency Monero},
  booktitle = {Computer Security - {ESORICS} 2017 - 22nd European Symposium on Research
               in Computer Security, Oslo, Norway, September 11-15, 2017, Proceedings,
               Part {II}},
  series    = {Lecture Notes in Computer Science},
  volume    = {10493},
  pages     = {456--474},
  publisher = {Springer},
  year      = {2017},
  url       = {https://doi.org/10.1007/978-3-319-66399-9\_25},
  doi       = {10.1007/978-3-319-66399-9\_25},
  timestamp = {Sat, 19 Oct 2019 20:00:24 +0200},
  biburl    = {https://dblp.org/rec/conf/esorics/SunALY17.bib},
  bibsource = {dblp computer science bibliography, https://dblp.org}
}


@inproceedings{CL02,
  author    = {Jan Camenisch and Anna Lysyanskaya},
  title     = {Signature schemes and anonymous credentials from bilinear maps},
  booktitle = {CRYPTO - 2004 - The 22nd Annual International Cryptology Conference, Santa Barbara, California, USA,
               August 18-22, Proceedings},
  series    = {Lecture Notes in Computer Science},
  volume    = {2442},
  pages     = {61-76},
  publisher = { Springer},
  year      = {2002},
  % AC light howpublished = {\url{https://eprint.iacr.org/2012/298.pdf}},
} 

@inproceedings{Kate10,
  author    = {Aniket Kate and
               Gregory M. Zaverucha and
               Ian Goldberg},
  editor    = {Masayuki Abe},
  title     = {Constant-Size Commitments to Polynomials and Their Applications},
  booktitle = {Advances in Cryptology - {ASIACRYPT} 2010 - 16th International Conference
               on the Theory and Application of Cryptology and Information Security,
               Singapore, December 5-9, 2010. Proceedings},
  series    = {Lecture Notes in Computer Science},
  volume    = {6477},
  pages     = {177--194},
  publisher = {Springer},
  year      = {2010},
  url       = {https://doi.org/10.1007/978-3-642-17373-8\_11},
  doi       = {10.1007/978-3-642-17373-8\_11},
  timestamp = {Tue, 14 May 2019 10:00:40 +0200},
  biburl    = {https://dblp.org/rec/conf/asiacrypt/KateZG10.bib},
  bibsource = {dblp computer science bibliography, https://dblp.org}
}

@article{Groth16,
  author    = {Jens Groth},
  title     = {On the Size of Pairing-based Non-interactive Arguments},
  journal   = {{IACR} Cryptol. ePrint Arch.},
  pages     = {260},
  year      = {2016},
  url       = {http://eprint.iacr.org/2016/260},
  timestamp = {Mon, 11 May 2020 15:59:28 +0200},
  biburl    = {https://dblp.org/rec/journals/iacr/Groth16.bib},
  bibsource = {dblp computer science bibliography, https://dblp.org}
}


@inproceedings{EG14,
  author    = {Alex Escala and
               Jens Groth},
  editor    = {Hugo Krawczyk},
  title     = {Fine-Tuning Groth-Sahai Proofs},
  booktitle = {Public-Key Cryptography - {PKC} 2014 - 17th International Conference
               on Practice and Theory in Public-Key Cryptography, Buenos Aires, Argentina,
               March 26-28, 2014. Proceedings},
  series    = {Lecture Notes in Computer Science},
  volume    = {8383},
  pages     = {630--649},
  publisher = {Springer},
  year      = {2014},
  url       = {https://doi.org/10.1007/978-3-642-54631-0\_36},
  doi       = {10.1007/978-3-642-54631-0\_36},
  timestamp = {Fri, 01 May 2020 18:32:25 +0200},
  biburl    = {https://dblp.org/rec/conf/pkc/EscalaG14.bib},
  bibsource = {dblp computer science bibliography, https://dblp.org}
}

@article{ElkhiyaouiCA21,
  author    = {Kaoutar Elkhiyaoui and
               Angelo De Caro and
               Elli Androulaki},
  title     = {Multi-Issuer Anonymous Credentials Without a Root Authority},
  journal   = {{IACR} Cryptol. ePrint Arch.},
  pages     = {1669},
  year      = {2021},
  url       = {https://eprint.iacr.org/2021/1669},
  timestamp = {Thu, 13 Jan 2022 17:43:19 +0100},
  biburl    = {https://dblp.org/rec/journals/iacr/ElkhiyaouiCA21.bib},
  bibsource = {dblp computer science bibliography, https://dblp.org}
}

@inproceedings{PengB10,
  author    = {Kun Peng and
               Feng Bao},
  editor    = {Ahmed K. Elmagarmid and
               Divyakant Agrawal},
  title     = {An Efficient Range Proof Scheme},
  booktitle = {Proceedings of the 2010 {IEEE} Second International Conference on
               Social Computing, SocialCom / {IEEE} International Conference on Privacy,
               Security, Risk and Trust, {PASSAT} 2010, Minneapolis, Minnesota, USA,
               August 20-22, 2010},
  pages     = {826--833},
  publisher = {{IEEE} Computer Society},
  year      = {2010},
  url       = {https://doi.org/10.1109/SocialCom.2010.125},
  doi       = {10.1109/SocialCom.2010.125},
  timestamp = {Wed, 16 Oct 2019 14:14:50 +0200},
  biburl    = {https://dblp.org/rec/conf/socialcom/PengB10.bib},
  bibsource = {dblp computer science bibliography, https://dblp.org}
}


@inproceedings{SigGroth,
  author    = {Jens Groth},
  editor    = {Tetsu Iwata and
               Jung Hee Cheon},
  title     = {Efficient Fully Structure-Preserving Signatures for Large Messages},
  booktitle = {Advances in Cryptology - {ASIACRYPT} 2015 - 21st International Conference
               on the Theory and Application of Cryptology and Information Security,
               Auckland, New Zealand, November 29 - December 3, 2015, Proceedings,
               Part {I}},
  series    = {Lecture Notes in Computer Science},
  volume    = {9452},
  pages     = {239--259},
  publisher = {Springer},
  year      = {2015},
  url       = {https://doi.org/10.1007/978-3-662-48797-6\_11},
  doi       = {10.1007/978-3-662-48797-6\_11},
  timestamp = {Tue, 14 May 2019 10:00:40 +0200},
  biburl    = {https://dblp.org/rec/conf/asiacrypt/Groth15.bib},
  bibsource = {dblp computer science bibliography, https://dblp.org}
}

@inproceedings{Libert16,
  author    = {Beno{\^{\i}}t Libert and
               Somindu C. Ramanna and
               Moti Yung},
  editor    = {Ioannis Chatzigiannakis and
               Michael Mitzenmacher and
               Yuval Rabani and
               Davide Sangiorgi},
  title     = {Functional Commitment Schemes: From Polynomial Commitments to Pairing-Based
               Accumulators from Simple Assumptions},
  booktitle = {43rd International Colloquium on Automata, Languages, and Programming,
               {ICALP} 2016, July 11-15, 2016, Rome, Italy},
  series    = {LIPIcs},
  volume    = {55},
  pages     = {30:1--30:14},
  publisher = {Schloss Dagstuhl - Leibniz-Zentrum f{\"{u}}r Informatik},
  year      = {2016},
  url       = {https://doi.org/10.4230/LIPIcs.ICALP.2016.30},
  doi       = {10.4230/LIPIcs.ICALP.2016.30},
  timestamp = {Tue, 11 Feb 2020 15:52:14 +0100},
  biburl    = {https://dblp.org/rec/conf/icalp/LibertRY16.bib},
  bibsource = {dblp computer science bibliography, https://dblp.org}
}

@inproceedings{PrimforW3,
 title     = {Cryptographic primitives in blockchains},
  author    = {Licheng Wang and Xiaoying Shen and Jing Lib and Jun Shao and Yixian Yanga },
  publisher = {Journal of Network and Computer Applications},
  volume    = {127},
  pages     = {43-58},
  publisher = {Elsevier},
  year      = {2019},
  
 }
 
@article{Shamir79,
  author    = {Adi Shamir},
  title     = {How to Share a Secret},
  journal   = {Commun. {ACM}},
  volume    = {22},
  number    = {11},
  pages     = {612--613},
  year      = {1979},
  url       = {http://doi.acm.org/10.1145/359168.359176},
  doi       = {10.1145/359168.359176},
  timestamp = {Wed, 14 Nov 2018 10:22:34 +0100},
  biburl    = {https://dblp.org/rec/journals/cacm/Shamir79.bib},
  bibsource = {dblp computer science bibliography, https://dblp.org}
}

@inproceedings{Pedersen91,
  author    = {Torben P. Pedersen},
  editor    = {Joan Feigenbaum},
  title     = {Non-Interactive and Information-Theoretic Secure Verifiable Secret
               Sharing},
  booktitle = {Advances in Cryptology - {CRYPTO} '91, 11th Annual International Cryptology
               Conference, Santa Barbara, California, USA, August 11-15, 1991, Proceedings},
  series    = {Lecture Notes in Computer Science},
  volume    = {576},
  pages     = {129--140},
  publisher = {Springer},
  year      = {1991},
  url       = {https://doi.org/10.1007/3-540-46766-1\_9},
  doi       = {10.1007/3-540-46766-1\_9},
  timestamp = {Fri, 17 Jul 2020 16:12:45 +0200},
  biburl    = {https://dblp.org/rec/conf/crypto/Pedersen91.bib},
  bibsource = {dblp computer science bibliography, https://dblp.org}
}

@inproceedings{CL04,
  author    = {Jan Camenisch and
               Anna Lysyanskaya},
  editor    = {Matthew K. Franklin},
  title     = {Signature Schemes and Anonymous Credentials from Bilinear Maps},
  booktitle = {Advances in Cryptology - {CRYPTO} 2004, 24th Annual International
               CryptologyConference, Santa Barbara, California, USA, August 15-19,
               2004, Proceedings},
  series    = {Lecture Notes in Computer Science},
  volume    = {3152},
  pages     = {56--72},
  publisher = {Springer},
  year      = {2004},
  url       = {https://doi.org/10.1007/978-3-540-28628-8\_4},
  doi       = {10.1007/978-3-540-28628-8\_4},
  timestamp = {Tue, 14 May 2019 10:00:48 +0200},
  biburl    = {https://dblp.org/rec/conf/crypto/CamenischL04.bib},
  bibsource = {dblp computer science bibliography, https://dblp.org}
}


%[CL04] Signature schemes and anonymous credentials from bilinear maps. . In Matthew Franklin, editor, CRYPTO 2004.  https://www.iacr.org/archive/crypto2004/31520055/cl04.pdf

%[SOVRIN-HOW] How Sovrin Works. https://sovrin.org/wp-content/uploads/2018/03/How-Sovrin-Works.pdf
	
@misc{Sovrin,
  author    = {Sovrin},
  title     = {How Sovrin Works},
  year      = {2021},
  %howpublished       = {\url{https://eprint.iacr.org/2021/1459.pdf}},
}

	@inproceedings{DBLP:conf/crypto/BaumBCPGL18,
  author    = {Carsten Baum and
               Jonathan Bootle and
               Andrea Cerulli and
               Rafa{\"{e}}l del Pino and
               Jens Groth and
               Vadim Lyubashevsky},
  editor    = {Hovav Shacham and
               Alexandra Boldyreva},
  title     = {Sub-linear Lattice-Based Zero-Knowledge Arguments for Arithmetic Circuits},
  booktitle = {Advances in Cryptology - {CRYPTO} 2018 - 38th Annual International
               Cryptology Conference, Santa Barbara, CA, USA, August 19-23, 2018,
               Proceedings, Part {II}},
  series    = {Lecture Notes in Computer Science},
  volume    = {10992},
  pages     = {669--699},
  publisher = {Springer},
  year      = {2018},
  url       = {https://doi.org/10.1007/978-3-319-96881-0\_23},
  doi       = {10.1007/978-3-319-96881-0\_23},
  timestamp = {Sat, 09 Apr 2022 12:33:44 +0200},
  biburl    = {https://dblp.org/rec/conf/crypto/BaumBCPGL18.bib},
  bibsource = {dblp computer science bibliography, https://dblp.org}
}

@article{LCKO21,
  author    = {Jeonghyuk Lee and Jaekyung Choi and Jihye Kim, and Hyunok Oh},
  title     = {Privacy-preserving Identity Management System.},
  journal   = { {IACR} Cryptol. ePrint Arch. },
  pages     = {1015},
  year      = {2021},
  url       = {https://eprint.iacr.org/2021/1459.pdf},
}

@article{Prom,
 title     =  {Project PROMETHEUS PRivacy preserving pOst-quantuM systEms from advanced crypTograpHic mEchanisms Using latticeS} ,
  year      = {2021},
  url       = {https://cordis.europa.eu/project/id/780701},
 }

@misc{MGG18,
  author    = {Alexander Mühle, Andreas Grüner, Tatiana Gayvoronskaya, Christoph Meinel},
  title     = {A Survey on Essential Components of a Self-Sovereign Identity},
  year      = {2018},
  howpublished       = {https://arxiv.org/pdf/1807.06346.pdf},
}

%[MGG+18] A Survey on Essential Components of a Self-Sovereign Identity, Alexander Mühle, Andreas Grüner, Tatiana Gayvoronskaya, Christoph Meinel. https://arxiv.org/pdf/1807.06346.pdf

