@article{YuenLASZ13,
  author    = {Tsz Hon Yuen and
               Joseph K. Liu and
               Man Ho Au and
               Willy Susilo and
               Jianying Zhou},
  title     = {Efficient Linkable and/or Threshold Ring Signature Without Random
               Oracles},
  journal   = {Comput. J.},
  volume    = {56},
  number    = {4},
  pages     = {407--421},
  year      = {2013},
  url       = {https://doi.org/10.1093/comjnl/bxs115},
  doi       = {10.1093/comjnl/bxs115},
  timestamp = {Thu, 14 Oct 2021 08:57:01 +0200},
  biburl    = {https://dblp.org/rec/journals/cj/YuenLASZ13.bib},
  bibsource = {dblp computer science bibliography, https://dblp.org}
}

@inproceedings{Triptych,
  author    = {Sarang Noether and
               Brandon Goodell},
  editor    = {Joaqu{\'{\i}}n Garc{\'{\i}}a{-}Alfaro and
               Guillermo Navarro{-}Arribas and
               Jordi Herrera{-}Joancomart{\'{\i}}},
  title     = {Triptych: Logarithmic-Sized Linkable Ring Signatures with Applications},
  booktitle = {Data Privacy Management, Cryptocurrencies and Blockchain Technology
               - {ESORICS} 2020 International Workshops, {DPM} 2020 and {CBT} 2020,
               Guildford, UK, September 17-18, 2020, Revised Selected Papers},
  series    = {Lecture Notes in Computer Science},
  volume    = {12484},
  pages     = {337--354},
  publisher = {Springer},
  year      = {2020},
  url       = {https://doi.org/10.1007/978-3-030-66172-4\_22},
  doi       = {10.1007/978-3-030-66172-4\_22},
  timestamp = {Tue, 12 Jan 2021 14:44:40 +0100},
  biburl    = {https://dblp.org/rec/conf/esorics/NoetherG20.bib},
  bibsource = {dblp computer science bibliography, https://dblp.org}
}

@inproceedings{Schnorr89,
  author    = {Claus{-}Peter Schnorr},
  editor    = {Gilles Brassard},
  title     = {Efficient Identification and Signatures for Smart Cards},
  booktitle = {Advances in Cryptology - {CRYPTO} '89, 9th Annual International Cryptology
               Conference, Santa Barbara, California, USA, August 20-24, 1989, Proceedings},
  series    = {Lecture Notes in Computer Science},
  volume    = {435},
  pages     = {239--252},
  publisher = {Springer},
  year      = {1989},
  url       = {https://doi.org/10.1007/0-387-34805-0\_22},
  doi       = {10.1007/0-387-34805-0\_22},
  timestamp = {Tue, 01 Jun 2021 15:21:29 +0200},
  biburl    = {https://dblp.org/rec/conf/crypto/Schnorr89.bib},
  bibsource = {dblp computer science bibliography, https://dblp.org}
}

@inproceedings{Musig2,
  author    = {Jonas Nick and
               Tim Ruffing and
               Yannick Seurin},
  editor    = {Tal Malkin and
               Chris Peikert},
  title     = {MuSig2: Simple Two-Round Schnorr Multi-signatures},
  booktitle = {Advances in Cryptology - {CRYPTO} 2021 - 41st Annual International
               Cryptology Conference, {CRYPTO} 2021, Virtual Event, August 16-20,
               2021, Proceedings, Part {I}},
  series    = {Lecture Notes in Computer Science},
  volume    = {12825},
  pages     = {189--221},
  publisher = {Springer},
  year      = {2021},
  url       = {https://doi.org/10.1007/978-3-030-84242-0\_8},
  doi       = {10.1007/978-3-030-84242-0\_8},
  timestamp = {Mon, 16 Aug 2021 09:08:14 +0200},
  biburl    = {https://dblp.org/rec/conf/crypto/NickRS21.bib},
  bibsource = {dblp computer science bibliography, https://dblp.org}
}

@article{RingCT1,
  author    = {Shen Noether},
  title     = {Ring SIgnature Confidential Transactions for Monero},
  journal   = { {IACR} Cryptol. ePrint Arch.},
  pages     = {1098},
  year      = {2015},
  url       = {http://eprint.iacr.org/2015/1098},
  timestamp = {Mon, 11 May 2020 15:54:46 +0200},
  biburl    = {https://dblp.org/rec/journals/iacr/Noether15.bib},
  bibsource = {dblp computer science bibliography, https://dblp.org}
}

@inproceedings{RingCT2,
  author    = {Shifeng Sun and
               Man Ho Au and
               Joseph K. Liu and
               Tsz Hon Yuen},
  editor    = {Simon N. Foley and
               Dieter Gollmann and
               Einar Snekkenes},
  title     = {RingCT 2.0: {A} Compact Accumulator-Based (Linkable Ring Signature)
               Protocol for Blockchain Cryptocurrency Monero},
  booktitle = {Computer Security - {ESORICS} 2017 - 22nd European Symposium on Research
               in Computer Security, Oslo, Norway, September 11-15, 2017, Proceedings,
               Part {II} },
  series    = {Lecture Notes in Computer Science},
  volume    = {10493},
  pages     = {456--474},
  publisher = {Springer},
  year      = {2017},
  url       = {https://doi.org/10.1007/978-3-319-66399-9\_25},
  doi       = {10.1007/978-3-319-66399-9\_25},
  timestamp = {Sat, 19 Oct 2019 20:00:24 +0200},
  biburl    = {https://dblp.org/rec/conf/esorics/SunALY17.bib},
  bibsource = {dblp computer science bibliography, https://dblp.org}
}

@inproceedings{tsang05,
  author    = {Patrick P. Tsang and
               Victor K. Wei},
  editor    = {Robert H. Deng and
               Feng Bao and
               HweeHwa Pang and
               Jianying Zhou},
  title     = {Short Linkable Ring Signatures for E-Voting, E-Cash and Attestation},
  booktitle = {Information Security Practice and Experience, First International
               Conference, {ISPEC} 2005, Singapore, April 11-14, 2005, Proceedings},
  series    = {Lecture Notes in Computer Science},
  volume    = {3439},
  pages     = {48--60},
  publisher = {Springer},
  year      = {2005},
  url       = {https://doi.org/10.1007/978-3-540-31979-5\_5},
  doi       = {10.1007/978-3-540-31979-5\_5},
  timestamp = {Wed, 25 Sep 2019 18:12:57 +0200},
  biburl    = {https://dblp.org/rec/conf/ispec/TsangW05.bib},
  bibsource = {dblp computer science bibliography, https://dblp.org}
}

@inproceedings{ChowSY06,
  author    = {Sherman S. M. Chow and
               Willy Susilo and
               Tsz Hon Yuen},
  editor    = {Phong Q. Nguyen},
  title     = {Escrowed Linkability of Ring Signatures and Its Applications},
  booktitle = {Progressin Cryptology - {VIETCRYPT} 2006, First International Conference
               on Cryptology in Vietnam, Hanoi, Vietnam, September 25-28, 2006, Revised
               Selected Papers},
  series    = {Lecture Notes in Computer Science},
  volume    = {4341},
  pages     = {175--192},
  publisher = {Springer},
  year      = {2006},
  url       = {https://doi.org/10.1007/11958239\_12},
  doi       = {10.1007/11958239\_12},
  timestamp = {Thu, 14 Oct 2021 09:45:51 +0200},
  biburl    = {https://dblp.org/rec/conf/vietcrypt/ChowSY06.bib},
  bibsource = {dblp computer science bibliography, https://dblp.org}
}
@inproceedings{RingCT3,
  author    = {Tsz Hon Yuen and
               Shi{-}Feng Sun and
               Joseph K. Liu and
               Man Ho Au and
               Muhammed F. Esgin and
               Qingzhao Zhang and
               Dawu Gu},
  editor    = {Joseph Bonneau and
               Nadia Heninger},
  title     = {RingCT 3.0 for Blockchain Confidential Transaction: Shorter Size and
               Stronger Security},
  booktitle = {Financial Cryptography and Data Security - 24th International Conference,
               {FC} 2020, Kota Kinabalu, Malaysia, February 10-14, 2020 Revised Selected
               Papers},
  series    = {Lecture Notes in Computer Science},
  volume    = {12059},
  pages     = {464--483},
  publisher = {Springer},
  year      = {2020},
  url       = {https://doi.org/10.1007/978-3-030-51280-4\_25},
  doi       = {10.1007/978-3-030-51280-4\_25},
  timestamp = {Tue, 22 Mar 2022 08:38:27 +0100},
  biburl    = {https://dblp.org/rec/conf/fc/YuenSLAEZG20.bib},
  bibsource = {dblp computer science bibliography, https://dblp.org}
}



